@inproceedings{kuhl2022keep,
  title={Keep Your Friends Close and Your Counterfactuals Closer: Improved Learning From Closest Rather Than Plausible Counterfactual Explanations in an Abstract Setting},
  author={Kuhl, Ulrike and Artelt, Andr{\'e} and Hammer, Barbara},
  booktitle={2022 ACM Conference on Fairness, Accountability, and Transparency (FAccT '22), June 21--24, 2022, Seoul, Republic of Korea},
  doi = {10.1145/3531146.3534630},
  year={2022}
}